<record><leader>00000cas a22000007a 4500</leader><controlfield tag="001">18545870</controlfield><controlfield tag="008">880929d19271945laumr ne      0    0eng d</controlfield><datafield ind1=" " ind2=" " tag="010"><subfield code="a">sn 88064650 </subfield></datafield><datafield ind1=" " ind2=" " tag="040"><subfield code="a">LNP</subfield><subfield code="b">eng</subfield><subfield code="c">LNP</subfield><subfield code="d">OCLCQ</subfield></datafield><datafield ind1=" " ind2=" " tag="042"><subfield code="a">msc</subfield></datafield><datafield ind1="0" ind2=" " tag="130"><subfield code="a">Public press (Shreveport, La.)</subfield></datafield><datafield ind1="1" ind2="4" tag="245"><subfield code="a">The Public press.</subfield></datafield><datafield ind1=" " ind2=" " tag="260"><subfield code="a">Cedar Grove [i.e. Shreveport] La. :</subfield><subfield code="b">Richard Print. Co.</subfield></datafield><datafield ind1=" " ind2=" " tag="300"><subfield code="a">v.</subfield></datafield><datafield ind1=" " ind2=" " tag="310"><subfield code="a">Monthly,</subfield><subfield code="b">&lt;July 12, 1940&gt;-Jan. 1945</subfield></datafield><datafield ind1=" " ind2=" " tag="321"><subfield code="a">Irregular,</subfield><subfield code="b">1927-&lt;Apr. 19, 1940&gt;</subfield></datafield><datafield ind1="1" ind2=" " tag="362"><subfield code="a">Began in 1927? Ceased in Jan. 1945.</subfield></datafield><datafield ind1=" " ind2=" " tag="588"><subfield code="a">Description based on: Vol. 3, no. 48 (July 1, 1927).</subfield></datafield><datafield ind1=" " ind2=" " tag="752"><subfield code="a">United States</subfield><subfield code="b">Louisiana</subfield><subfield code="c">Caddo</subfield><subfield code="d">Shreveport.</subfield></datafield><datafield ind1="0" ind2="0" tag="780"><subfield code="t">Weekly record (Shreveport, La.)</subfield></datafield><datafield ind1="0" ind2="0" tag="785"><subfield code="t">Cedar Grove news</subfield><subfield code="w">(DLC)sn 88064651</subfield></datafield></record>